{
  "symbol" : "TLK",
  "financials" : [ {
    "date" : "2018-12-31",
    "Revenue" : "8982137093.1742",
    "Revenue Growth" : "-0.0495204719982",
    "Cost of Revenue" : "3014442788.5639",
    "Gross Profit" : "5967694304.6103",
    "R&D Expenses" : "0.0",
    "SG&A Expense" : "1632660069.0891",
    "Operating Expenses" : "3326236702.4016",
    "Operating Income" : "2641457602.2087",
    "Interest Expense" : "241949330.0551",
    "Earnings before Tax" : "2477662781.8335",
    "Income Tax Expense" : "643229470.7058",
    "Net Income - Non-Controlling int" : "0.0",
    "Net Income - Discontinued ops" : "0.0",
    "Net Income" : "1834433311.1277",
    "Preferred Dividends" : "0.0",
    "Net Income Com" : "1834433311.1277",
    "EPS" : "1.2342",
    "EPS Diluted" : "1.2342",
    "Weighted Average Shs Out" : "6922648.7648",
    "Weighted Average Shs Out (Dil)" : "6922648.7648",
    "Dividend per Share" : "0.0001",
    "Gross Margin" : "0.6644",
    "EBITDA Margin" : "0.0",
    "EBIT Margin" : "0.3028",
    "Profit Margin" : "0.0",
    "Free Cash Flow margin" : "0.1104",
    "EBITDA" : "2719612111.8887",
    "EBIT" : "2719612111.8887",
    "Consolidated Income" : "1834433311.1277",
    "Earnings Before Tax Margin" : "0.2758",
    "Net Profit Margin" : "0.2042"
  }, {
    "date" : "2017-12-31",
    "Revenue" : "9450111052.9517",
    "Revenue Growth" : "0.098680099294",
    "Cost of Revenue" : "2696968678.8235",
    "Gross Profit" : "6753142374.1282",
    "R&D Expenses" : "0.0",
    "SG&A Expense" : "1772558957.0925",
    "Operating Expenses" : "3522129245.8302",
    "Operating Income" : "3231013128.298",
    "Interest Expense" : "204024431.6494",
    "Earnings before Tax" : "3140900495.6121",
    "Income Tax Expense" : "733721664.9926",
    "Net Income - Non-Controlling int" : "0.0",
    "Net Income - Discontinued ops" : "0.0",
    "Net Income" : "2407178830.6195",
    "Preferred Dividends" : "0.0",
    "Net Income Com" : "2407178830.6195",
    "EPS" : "1.6453",
    "EPS Diluted" : "1.6453",
    "Weighted Average Shs Out" : "7427107.9724",
    "Weighted Average Shs Out (Dil)" : "7427107.9724",
    "Dividend per Share" : "0.0001",
    "Gross Margin" : "0.7146",
    "EBITDA Margin" : "0.0",
    "EBIT Margin" : "0.354",
    "Profit Margin" : "0.0",
    "Free Cash Flow margin" : "0.1403",
    "EBITDA" : "3344924927.2615",
    "EBIT" : "3344924927.2615",
    "Consolidated Income" : "2407178830.6195",
    "Earnings Before Tax Margin" : "0.3324",
    "Net Profit Margin" : "0.2547"
  }, {
    "date" : "2016-12-31",
    "Revenue" : "8601330868.7616",
    "Revenue Growth" : "0.161309774269",
    "Cost of Revenue" : "2311497227.3567",
    "Gross Profit" : "6289833641.4048",
    "R&D Expenses" : "0.0",
    "SG&A Expense" : "1652791127.5416",
    "Operating Expenses" : "3389722735.6747",
    "Operating Income" : "2900110905.7301",
    "Interest Expense" : "207763401.1091",
    "Earnings before Tax" : "2821885397.4122",
    "Income Tax Expense" : "666691312.3845",
    "Net Income - Non-Controlling int" : "0.0",
    "Net Income - Discontinued ops" : "0.0",
    "Net Income" : "2155194085.0277",
    "Preferred Dividends" : "0.0",
    "Net Income Com" : "2155194085.0277",
    "EPS" : "1.4491",
    "EPS Diluted" : "1.4491",
    "Weighted Average Shs Out" : "7179360.7097",
    "Weighted Average Shs Out (Dil)" : "7179360.7097",
    "Dividend per Share" : "0.0001",
    "Gross Margin" : "0.7313",
    "EBITDA Margin" : "0.0",
    "EBIT Margin" : "0.3522",
    "Profit Margin" : "0.0",
    "Free Cash Flow margin" : "0.1708",
    "EBITDA" : "3029648798.5213",
    "EBIT" : "3029648798.5213",
    "Consolidated Income" : "2155194085.0277",
    "Earnings Before Tax Margin" : "0.3281",
    "Net Profit Margin" : "0.2506"
  }, {
    "date" : "2015-12-31",
    "Revenue" : "7406577520.7806",
    "Revenue Growth" : "0.0263975939095",
    "Cost of Revenue" : "2032237079.8699",
    "Gross Profit" : "5374340440.9107",
    "R&D Expenses" : "0.0",
    "SG&A Expense" : "1399638597.7593",
    "Operating Expenses" : "3031369714.4922",
    "Operating Income" : "2342970726.4185",
    "Interest Expense" : "179327791.8323",
    "Earnings before Tax" : "2261872063.6068",
    "Income Tax Expense" : "579906035.4174",
    "Net Income - Non-Controlling int" : "0.0",
    "Net Income - Discontinued ops" : "0.0",
    "Net Income" : "1681966028.1894",
    "Preferred Dividends" : "0.0",
    "Net Income Com" : "1681966028.1894",
    "EPS" : "1.1375",
    "EPS Diluted" : "1.1375",
    "Weighted Average Shs Out" : "7018493.2128",
    "Weighted Average Shs Out (Dil)" : "7018493.2128",
    "Dividend per Share" : "0.0001",
    "Gross Margin" : "0.7256",
    "EBITDA Margin" : "0.0",
    "EBIT Margin" : "0.3296",
    "Profit Margin" : "0.0",
    "Free Cash Flow margin" : "0.1741",
    "EBITDA" : "2441199855.4391",
    "EBIT" : "2441199855.4391",
    "Consolidated Income" : "1681966028.1894",
    "Earnings Before Tax Margin" : "0.3054",
    "Net Profit Margin" : "0.2271"
  }, {
    "date" : "2014-12-31",
    "Revenue" : "7216090104.5857",
    "Revenue Growth" : "0.0654489589979",
    "Cost of Revenue" : "1793081255.0282",
    "Gross Profit" : "5423008849.5575",
    "R&D Expenses" : "0.0",
    "SG&A Expense" : "1354062751.4079",
    "Operating Expenses" : "3074979887.3693",
    "Operating Income" : "2348028962.1883",
    "Interest Expense" : "145937248.5921",
    "Earnings before Tax" : "1752051488.3347",
    "Income Tax Expense" : "590587288.8174",
    "Net Income - Non-Controlling int" : "547144006.436",
    "Net Income - Discontinued ops" : "0.0",
    "Net Income" : "1161464199.5173",
    "Preferred Dividends" : "0.0",
    "Net Income Com" : "1161464199.5173",
    "EPS" : "1.1889",
    "EPS Diluted" : "1.1889",
    "Weighted Average Shs Out" : "7811814.4488",
    "Weighted Average Shs Out (Dil)" : "7811814.4488",
    "Dividend per Share" : "0.0001",
    "Gross Margin" : "0.7515",
    "EBITDA Margin" : "0.0",
    "EBIT Margin" : "0.263",
    "Profit Margin" : "0.0",
    "Free Cash Flow margin" : "0.1297",
    "EBITDA" : "1897988736.9268",
    "EBIT" : "1897988736.9268",
    "Consolidated Income" : "1708608205.9533",
    "Earnings Before Tax Margin" : "0.2428",
    "Net Profit Margin" : "0.161"
  }, {
    "date" : "2013-12-31",
    "Revenue" : "6772816326.5306",
    "Revenue Growth" : "-0.153299168639",
    "Cost of Revenue" : "1578122448.9796",
    "Gross Profit" : "5194693877.551",
    "R&D Expenses" : "0.0",
    "SG&A Expense" : "1390040816.3265",
    "Operating Expenses" : "2910938775.5102",
    "Operating Income" : "2283755102.0408",
    "Interest Expense" : "122775510.2041",
    "Earnings before Tax" : "1709877551.0204",
    "Income Tax Expense" : "563265306.1224",
    "Net Income - Non-Controlling int" : "496653061.2245",
    "Net Income - Discontinued ops" : "0.0",
    "Net Income" : "1146612244.898",
    "Preferred Dividends" : "0.0",
    "Net Income Com" : "1146612244.898",
    "EPS" : "1.19",
    "EPS Diluted" : "1.19",
    "Weighted Average Shs Out" : "7815946.4567",
    "Weighted Average Shs Out (Dil)" : "7815946.4567",
    "Dividend per Share" : "0.0",
    "Gross Margin" : "0.767",
    "EBITDA Margin" : "0.0",
    "EBIT Margin" : "0.2706",
    "Profit Margin" : "0.0",
    "Free Cash Flow margin" : "0.2003",
    "EBITDA" : "1832653061.2245",
    "EBIT" : "1832653061.2245",
    "Consolidated Income" : "1643265306.1224",
    "Earnings Before Tax Margin" : "0.2525",
    "Net Profit Margin" : "0.1693"
  }, {
    "date" : "2012-12-31",
    "Revenue" : "7999066583.6963",
    "Revenue Growth" : "0.0184386691671",
    "Cost of Revenue" : "1741962248.4962",
    "Gross Profit" : "6257104335.2002",
    "R&D Expenses" : "0.0",
    "SG&A Expense" : "1668740925.1193",
    "Operating Expenses" : "3593134204.5219",
    "Operating Income" : "2663970130.6783",
    "Interest Expense" : "213130056.005",
    "Earnings before Tax" : "1919415059.1164",
    "Income Tax Expense" : "610454262.6011",
    "Net Income - Non-Controlling int" : "572495332.9185",
    "Net Income - Discontinued ops" : "0.0",
    "Net Income" : "1308960796.5152",
    "Preferred Dividends" : "0.0",
    "Net Income Com" : "1308960796.5152",
    "EPS" : "1.3633",
    "EPS Diluted" : "1.3633",
    "Weighted Average Shs Out" : "10199867.6514",
    "Weighted Average Shs Out (Dil)" : "10199867.6514",
    "Dividend per Share" : "0.0",
    "Gross Margin" : "0.7822",
    "EBITDA Margin" : "0.0",
    "EBIT Margin" : "0.2666",
    "Profit Margin" : "0.0",
    "Free Cash Flow margin" : "0.254",
    "EBITDA" : "2132545115.1213",
    "EBIT" : "2132545115.1213",
    "Consolidated Income" : "1881456129.4337",
    "Earnings Before Tax Margin" : "0.24",
    "Net Profit Margin" : "0.1636"
  }, {
    "date" : "2011-12-31",
    "Revenue" : "7854244762.9548",
    "Revenue Growth" : "0.0320809305609",
    "Cost of Revenue" : "1814002205.0717",
    "Gross Profit" : "6040242557.8831",
    "R&D Expenses" : "0.0",
    "SG&A Expense" : "1613781697.9052",
    "Operating Expenses" : "3587761852.2602",
    "Operating Income" : "2452480705.6229",
    "Interest Expense" : "183241455.3473",
    "Earnings before Tax" : "1816979051.8192",
    "Income Tax Expense" : "599448732.0838",
    "Net Income - Non-Controlling int" : "496361631.753",
    "Net Income - Discontinued ops" : "0.0",
    "Net Income" : "1217530319.7354",
    "Preferred Dividends" : "0.0",
    "Net Income Com" : "1217530319.7354",
    "EPS" : "1.2429",
    "EPS Diluted" : "1.2429",
    "Weighted Average Shs Out" : "10843122.8109",
    "Weighted Average Shs Out (Dil)" : "10843122.8109",
    "Dividend per Share" : "0.0",
    "Gross Margin" : "0.769",
    "EBITDA Margin" : "0.0",
    "EBIT Margin" : "0.2547",
    "Profit Margin" : "0.0",
    "Free Cash Flow margin" : "0.2327",
    "EBITDA" : "2000220507.1665",
    "EBIT" : "2000220507.1665",
    "Consolidated Income" : "1713891951.4884",
    "Earnings Before Tax Margin" : "0.2313",
    "Net Profit Margin" : "0.155"
  }, {
    "date" : "2010-12-31",
    "Revenue" : "7610105496.9461",
    "Revenue Growth" : "0.0553111609211",
    "Cost of Revenue" : "1781898945.0305",
    "Gross Profit" : "5828206551.9156",
    "R&D Expenses" : "0.0",
    "SG&A Expense" : "1389117157.1349",
    "Operating Expenses" : "3306163242.643",
    "Operating Income" : "2522043309.2726",
    "Interest Expense" : "214103275.9578",
    "Earnings before Tax" : "1881066074.4031",
    "Income Tax Expense" : "612104386.452",
    "Net Income - Non-Controlling int" : "480288728.4842",
    "Net Income - Discontinued ops" : "0.0",
    "Net Income" : "1268961687.9511",
    "Preferred Dividends" : "0.0",
    "Net Income Com" : "1268961687.9511",
    "EPS" : "1.2903",
    "EPS Diluted" : "1.2903",
    "Weighted Average Shs Out" : "10921390.7712",
    "Weighted Average Shs Out (Dil)" : "10921390.7712",
    "Dividend per Share" : "0.0",
    "Gross Margin" : "0.7659",
    "EBITDA Margin" : "0.0",
    "EBIT Margin" : "0.2753",
    "Profit Margin" : "0.0",
    "Free Cash Flow margin" : "0.1777",
    "EBITDA" : "2095169350.3609",
    "EBIT" : "2095169350.3609",
    "Consolidated Income" : "1749250416.4353",
    "Earnings Before Tax Margin" : "0.2472",
    "Net Profit Margin" : "0.1667"
  }, {
    "date" : "2009-12-31",
    "Revenue" : "7211243260.5221",
    "Revenue Growth" : "0.2439",
    "Cost of Revenue" : "1862405221.0975",
    "Gross Profit" : "5348838039.4246",
    "R&D Expenses" : "0.0",
    "SG&A Expense" : "1431689397.9755",
    "Operating Expenses" : "2920746830.0479",
    "Operating Income" : "2428091209.3767",
    "Interest Expense" : "223332765.0506",
    "Earnings before Tax" : "1896957805.008",
    "Income Tax Expense" : "682378582.845",
    "Net Income - Non-Controlling int" : "0.0",
    "Net Income - Discontinued ops" : "0.0",
    "Net Income" : "1214579222.163",
    "Preferred Dividends" : "0.0",
    "Net Income Com" : "1214579222.163",
    "EPS" : "1.235",
    "EPS Diluted" : "1.235",
    "Weighted Average Shs Out" : "10479182.0879",
    "Weighted Average Shs Out (Dil)" : "10479182.0879",
    "Dividend per Share" : "0.0",
    "Gross Margin" : "0.7417",
    "EBITDA Margin" : "0.0",
    "EBIT Margin" : "0.294",
    "Profit Margin" : "0.0",
    "Free Cash Flow margin" : "0.2338",
    "EBITDA" : "2120290570.0586",
    "EBIT" : "2120290570.0586",
    "Consolidated Income" : "1214579222.163",
    "Earnings Before Tax Margin" : "0.2631",
    "Net Profit Margin" : "0.1684"
  } ]
}